@inproceedings{Hou2017FastSS,
  title={Fast segmented sort on GPUs},
  author={Kaixi Hou and Weifeng Liu and Hao Wang and Wu-chun Feng},
  booktitle={ICS},
  year={2017}
}
@article{Shamos1976GeometricIP,
  title={Geometric intersection problems},
  author={Michael Ian Shamos and Dan Hoey},
  journal={17th Annual Symposium on Foundations of Computer Science (sfcs 1976)},
  year={1976},
  pages={208-215}
}
@article{Bentley1979AlgorithmsFR,
  title={Algorithms for Reporting and Counting Geometric Intersections},
  author={Jon Louis Bentley and Thomas Ottmann},
  journal={IEEE Transactions on Computers},
  year={1979},
  volume={C-28},
  pages={643-647}
}
@book{Preparata:1985:CGI:4333,
 author = {Preparata, Franco P. and Shamos, Michael I.},
 title = {Computational Geometry:  An Introduction},
 year = {1985},
 isbn = {0-387-96131-3},
 publisher = {Springer-Verlag New York, Inc.},
 address = {New York, NY, USA},
}
@inproceedings{McKenney2009APP,
  title={A parallel plane sweep algorithm for multi-core systems},
  author={Mark McKenney and Tynan McGuire},
  booktitle={GIS},
  year={2009}
}
@article{Qiu2013APS,
  title={A parallel strategy for plane sweep algorithm in multi-core system},
  author={Qiang Qiu and Xiaomin Zhu and Xiangzhen Yao and Jinyun Fang},
  journal={2013 IEEE International Geoscience and Remote Sensing Symposium - IGARSS},
  year={2013},
  pages={3642-3645}
}
@article{Khlopotine2013AVO,
  title={A Variant of Parallel Plane Sweep Algorithm for Multicore Systems},
  author={Andrei B. Khlopotine and Vikram Jandhyala and Desmond Kirkpatrick},
  journal={IEEE Transactions on Computer-Aided Design of Integrated Circuits and Systems},
  year={2013},
  volume={32},
  pages={966-970}
}
@article{Lo2013OptimizingPB,
  title={Optimizing Pairwise Box Intersection Checking on GPUs for Large-Scale Simulations},
  author={Shih-Hsiang Lo and Che-Rung Lee and I-Hsin Chung and Yeh-Ching Chung},
  journal={ACM Trans. Model. Comput. Simul.},
  year={2013},
  volume={23},
  pages={19:1-19:22}
}
@incollection{ref,
author = {Mark Harris and Shubhabrata Sengupta and John Owens},
title = {Parallel Prefix Sum (Scan) with CUDA},
booktitle = {GPU Gems 3},
editor = {Hubert Nguyen},
publisher = {Addison-Wesley},
year = {2008},
pages = {851--876}
}
@article{Wang:2012:API:2350229.2350268,
 author = {Wang, Kaibo and Huai, Yin and Lee, Rubao and Wang, Fusheng and Zhang, Xiaodong and Saltz, Joel H.},
 title = {Accelerating Pathology Image Data Cross-comparison on CPU-GPU Hybrid Systems},
 journal = {Proc. VLDB Endow.},
 issue_date = {July 2012},
 volume = {5},
 number = {11},
 month = jul,
 year = {2012},
 issn = {2150-8097},
 pages = {1543--1554},
 numpages = {12},
 url = {http://dx.doi.org/10.14778/2350229.2350268},
 doi = {10.14778/2350229.2350268},
 acmid = {2350268},
 publisher = {VLDB Endowment},
}
@inproceedings{McKenney:2011:GOC:2093973.2094051,
 author = {McKenney, Mark and De Luna, Gabriel and Hill, Schiller and Lowell, Logan},
 title = {Geospatial Overlay Computation on the GPU},
 booktitle = {Proceedings of the 19th ACM SIGSPATIAL International Conference on Advances in Geographic Information Systems},
 series = {GIS '11},
 year = {2011},
 isbn = {978-1-4503-1031-4},
 location = {Chicago, Illinois},
 pages = {473--476},
 numpages = {4},
 url = {http://doi.acm.org/10.1145/2093973.2094051},
 doi = {10.1145/2093973.2094051},
 acmid = {2094051},
 publisher = {ACM},
 address = {New York, NY, USA},
 keywords = {GPU, algorithms, parallel algorithms, spatial operations},
}
@inproceedings{Prasad:2015:GPR:2863697.2864578,
 author = {Prasad, Sushil K. and McDermott, Michael and He, Xi and Puri, Satish},
 title = {GPU-based Parallel R-tree Construction and Querying},
 booktitle = {Proceedings of the 2015 IEEE International Parallel and Distributed Processing Symposium Workshop},
 series = {IPDPSW '15},
 year = {2015},
 isbn = {978-1-4673-7684-6},
 pages = {618--627},
 numpages = {10},
 url = {https://doi.org/10.1109/IPDPSW.2015.127},
 doi = {10.1109/IPDPSW.2015.127},
 acmid = {2864578},
 publisher = {IEEE Computer Society},
 address = {Washington, DC, USA},
 keywords = {R-Tree, GPGPU, Recursion, Hierarchical Data Structure, Dynamic Parallelism, GIS, CUDA},
}
@incollection{Peter:1994,
author = {Peter van Oosterom},
title = {An R-tree based Map-Overlay Algorithm},
journal = {EGIS/MARI: 5th European Conference on Geographical Information Systems (Paris)},
year = {1994},
pages = {318--327}
}
@inproceedings{Simonson2009GeometryTL,
  title={Geometry Template Library for STL-like 2D Operations},
  author={Lucanus J. Simonson and Gyuszi Suto},
  year={2009}
}
@book{Schling:2011:BCL:2049814,
 author = {Schling, Boris},
 title = {The Boost C++ Libraries},
 year = {2011},
 isbn = {0982219199, 9780982219195},
 publisher = {XML Press},
} 
@Misc{cuda_programming_guide,  
howpublished = {\url{https://docs.nvidia.com/cuda/cuda-c-programming-guide/index.html}},  
title = {Programming Guide :: CUDA Toolkit Documentation},  
}
@Misc{inclusion_exclusion_example,  
howpublished = {\url{https://www.hackerearth.com/zh/practice/basic-programming/implementation/basics-of-implementation/practice-problems/algorithm/area-of-union-of-rectangles/}},  
title = {Area of Union of Rectangles},  
}